@incollection{frommer2008matrix,
  title={Matrix functions},
  author={Frommer, Andreas and Simoncini, Valeria},
  booktitle={Model order reduction: theory, research aspects and applications},
  pages={275--303},
  year={2008},
  publisher={Springer}
}

@article{davies2003schur,
  title={A Schur-Parlett algorithm for computing matrix functions},
  author={Davies, Philip I and Higham, Nicholas J},
  journal={SIAM Journal on Matrix Analysis and Applications},
  volume={25},
  number={2},
  pages={464--485},
  year={2003},
  publisher={SIAM}
}

@article{george1978automatic,
  title={An automatic nested dissection algorithm for irregular finite element problems},
  author={George, Alan and Liu, Joseph WH},
  journal={SIAM Journal on Numerical Analysis},
  volume={15},
  number={5},
  pages={1053--1069},
  year={1978},
  publisher={SIAM}
}